@misc{https://doi.org/10.48550/arxiv.2012.09841,
  doi = {10.48550/ARXIV.2012.09841},
  
  url = {https://arxiv.org/abs/2012.09841},
  
  author = {Esser, Patrick and Rombach, Robin and Ommer, Björn},
  
  keywords = {Computer Vision and Pattern Recognition (cs.CV), FOS: Computer and information sciences, FOS: Computer and information sciences},
  
  title = {Taming Transformers for High-Resolution Image Synthesis},
  
  publisher = {arXiv},
  
  year = {2020},
  
  copyright = {arXiv.org perpetual, non-exclusive license}
}

@INPROCEEDINGS{EmotionSense,  
    author={Zhao, Bobo and Wang, Zhu and Yu, Zhiwen and Guo, Bin},
    booktitle={2018 IEEE SmartWorld, Ubiquitous Intelligence \& Computing, Advanced \& Trusted Computing, Scalable Computing \& Communications, Cloud \& Big Data Computing, Internet of People and Smart City Innovation (SmartWorld/SCALCOM/UIC/ATC/CBDCom/IOP/SCI)},   
    title={EmotionSense: Emotion Recognition Based on Wearable Wristband},   
    year={2018},  
    volume={},  
    number={},  
    pages={346-355},  
    doi={10.1109/SmartWorld.2018.00091}
}

@inproceedings{10.1145/3501385.3543981,
author = {Gorson, Jamie and Cunningham, Kathryn and Worsley, Marcelo and O'Rourke, Eleanor},
title = {Using Electrodermal Activity Measurements to Understand Student Emotions While Programming},
year = {2022},
isbn = {9781450391948},
publisher = {Association for Computing Machinery},
address = {New York, NY, USA},
url = {https://doi.org/10.1145/3501385.3543981},
doi = {10.1145/3501385.3543981},
booktitle = {Proceedings of the 2022 ACM Conference on International Computing Education Research - Volume 1},
pages = {105–119},
numpages = {15},
keywords = {electrodermal activity, emotion, retrospective interview, frustration, introductory programming},
location = {Lugano and Virtual Event, Switzerland},
series = {ICER '22}
}

@InProceedings{RecognizingEmotion,
author="Khan, Ali Mehmood
and Lawo, Michael",
editor="Kyriacou, Efthyvoulos
and Christofides, Stelios
and Pattichis, Constantinos S.",
title="Recognizing Emotion from Blood Volume Pulse and Skin Conductance Sensor Using Machine Learning Algorithms",
booktitle="XIV Mediterranean Conference on Medical and Biological Engineering and Computing 2016",
year="2016",
publisher="Springer International Publishing",
address="Cham",
pages="1297--1303",
isbn="978-3-319-32703-7"
}

@ARTICLE{DEAP,  author={Koelstra, Sander and Muhl, Christian and Soleymani, Mohammad and Lee, Jong-Seok and Yazdani, Ashkan and Ebrahimi, Touradj and Pun, Thierry and Nijholt, Anton and Patras, Ioannis},  journal={IEEE Transactions on Affective Computing},   title={DEAP: A Database for Emotion Analysis ;Using Physiological Signals},   year={2012},  volume={3},  number={1},  pages={18-31},  doi={10.1109/T-AFFC.2011.15}}

@misc{stablediffusion,
  doi = {10.48550/ARXIV.2112.10752},
  
  url = {https://arxiv.org/abs/2112.10752},
  
  author = {Rombach, Robin and Blattmann, Andreas and Lorenz, Dominik and Esser, Patrick and Ommer, Björn},
  
  keywords = {Computer Vision and Pattern Recognition (cs.CV), FOS: Computer and information sciences, FOS: Computer and information sciences},
  
  title = {High-Resolution Image Synthesis with Latent Diffusion Models},
  
  publisher = {arXiv},
  
  year = {2021},
  
  copyright = {arXiv.org perpetual, non-exclusive license}
}

@article{CNNEmotionDetection,
author = {Lee, Minseop and Lee, Yun and Lim, Myo Taeg and Kang, Tae-Koo},
year = {2020},
month = {05},
pages = {3501},
title = {Emotion Recognition Using Convolutional Neural Network with Selected Statistical Photoplethysmogram Features},
volume = {10},
journal = {Applied Sciences},
doi = {10.3390/app10103501}
}

@misc{dataset,
  
  url = {https://www.kaggle.com/datasets/deadskull7/fer2013},
  
  author = {ROHIT VERMA},

  title = {fer2013},
  
  publisher = {kaggle},
  
  year = {2018},

}


@article{FilmStim,
author = { Alexandre   Schaefer  and  Frédéric   Nils  and  Xavier   Sanchez  and  Pierre   Philippot },
title = {Assessing the effectiveness of a large database of emotion-eliciting films: A new tool for emotion researchers},
journal = {Cognition and Emotion},
volume = {24},
number = {7},
pages = {1153-1172},
year  = {2010},
publisher = {Routledge},
doi = {10.1080/02699930903274322},

URL = {https://sites.uclouvain.be/ipsp/FilmStim/}

}

@article{CaseData,
author = {Sharma, Karan and Castellini, Claudio and van den Broek, Egon L. and Albu-Schaeffer, Alin and Schwenker, Friedhelm},
title = {A dataset of continuous affect annotations and physiological signals for emotion analysis},
year = {2019},
doi = {10.1038/s41597-019-0209-0},
journal = {Scientific Data},
volume = {6}
}


@InProceedings{EEGEmotion,
author={Nazmi Sofian Suhaimi
and James Mountstephens
and Jason Teocorresponding},
title={REEG-Based Emotion Recognition: A State-of-the-Art Review of Current Trends and Opportunities},
}

@article{CHEN2021106662,
title = {Selection and validation of emotional videos: Dataset of professional and amateur videos that elicit basic emotions},
journal = {Data in Brief},
volume = {34},
pages = {106662},
year = {2021},
issn = {2352-3409},
doi = {https://doi.org/10.1016/j.dib.2020.106662},
url = {https://www.sciencedirect.com/science/article/pii/S2352340920315419},
author = {HongYi Chen and Kai Ling Chin and Chrystalle B.Y. Tan},
keywords = {Cross-cultural, Emotional videos, Emotion elicitation, Emotion recognition, Emotional intensity},

}

@article{SpeechEmotionRecognize,
author = {Burkhardt, Felix and Sendlmeier, Walter},
year = {2003},
month = {05},
pages = {},
title = {Verification of Acousical Correlates of Emotional Speech using Formant-Synthesis},
journal = {Proceedings of the ISCA Workshop on Speech and Emotion}
}

@article{FaceEmotionRecognize,
author = {Adolphs, Ralph},
year = {2002},
month = {04},
pages = {21-62},
title = {Recognizing Emotion From Facial Expressions: Psychological and Neurological Mechanisms},
volume = {1},
journal = {Behavioral and cognitive neuroscience reviews},
doi = {10.1177/1534582302001001003}
}

@misc{GSR_Article,
author = {SBryn Farnsworth},
title = {What is GSR (galvanic skin response) and how does it work?},
year = {2018},
url = {https://imotions.com/blog/gsr},
}


@misc{EEG_Article,
author = {https://www.mayoclinic.org/},
title = {EEG (electroencephalogram)},
url = {https://www.mayoclinic.org/tests-procedures/eeg/about/pac-20393875},
}


@article{BVP_Article,
title = {Exploring the blood volume amplitude and pulse transit time during anger recall in patients with coronary artery disease},
journal = {Journal of Cardiology},
volume = {65},
number = {1},
pages = {50-56},
year = {2015},
issn = {0914-5087},
doi = {https://doi.org/10.1016/j.jjcc.2014.03.012},
url = {https://www.sciencedirect.com/science/article/pii/S0914508714001075},
author = {I-Mei Lin and Sheng-Yu Fan and Ye-Hsu Lu and Chee-Siong Lee and Kuan-Ta Wu and Hui-Jing Ji},
keywords = {Blood volume amplitude, Pulse transit time, Anger recall, Coronary artery disease},
}

@misc{PPG_Article,
author = {Susha Cheriyedath, M.Sc.
Reviewed by Yolanda Smith, B.P},
title = {Photoplethysmography (PPG)},
url = {https://www.news-medical.net/health/Photoplethysmography-(PPG).aspx},
}

@inproceedings{Experiment8EmotionCategories,
author = {Healey, Jennifer},
year = {2002},
month = {01},
pages = {},
title = {Physiological user interfaces}
}



@misc{EMG_Article,
author = {https://www.hopkinsmedicine.org/},
title = {Electromyography (EMG)},
url = {https://www.hopkinsmedicine.org/health/treatment-tests-and-therapies/electromyography-emg},
}

@misc{CLAS,
doi = {10.21227/ybsw-yr53},
url = {https://dx.doi.org/10.21227/ybsw-yr53},
author = {Markova, Valentina},
publisher = {IEEE Dataport},
title = { Database for Cognitive Load Affect and Stress recognition },
year = {2020} } 

@Inbook{IAPS,
author="Bradley, Margaret M.
and Lang, Peter J.",
editor="Zeigler-Hill, Virgil
and Shackelford, Todd K.",
title="International Affective Picture System",
bookTitle="Encyclopedia of Personality and Individual Differences",
year="2017",
publisher="Springer International Publishing",
address="Cham",
pages="1--4",
isbn="978-3-319-28099-8",
doi="10.1007/978-3-319-28099-8_42-1",
url="https://doi.org/10.1007/978-3-319-28099-8_42-1"
}

@article{FilmClips,
    author = {Barbra Zupan and Michelle Eskritt},
    title = {Eliciting emotion ratings for a set of film clips: A preliminary archive for research in emotion},
    journal = {The Journal of Social Psychology},
    volume = {160},
    number = {6},
    pages = {768-789},
    year  = {2020},
    publisher = {Routledge},
    doi = {10.1080/00224545.2020.1758016},
    note ={PMID: 32419668},
    URL = {https://doi.org/10.1080/00224545.2020.1758016},
    eprint = {https://doi.org/10.1080/00224545.2020.1758016}
}

@article{ValArouModelOrg,
  title={A circumplex model of affect.},
  author={Russell, James A},
  journal={Journal of personality and social psychology},
  volume={39},
  number={6},
  pages={1161},
  year={1980},
  publisher={American Psychological Association}
}

@INPROCEEDINGS{ModifielValArou,
    author={Kai Sun and Junqing Yu and Yue Huang and Xiaoqiang Hu},  
    booktitle={2009 IEEE International Conference on Multimedia and Expo},   
    title={An improved valence-arousal emotion space for video affective content representation and recognition},   
    year={2009},  
    volume={},  
    number={},  
    pages={566-569},  
    doi={10.1109/ICME.2009.5202559}
}

@misc{AffectiveComputing, 
author={Picard, R. W. (1995). Affective Computing. M.I.T Media Laboratory Perceptual Computing Section Technical Report No. 321.}}

@INPROCEEDINGS{BioSignalsEmotionModel,  
    author={Rathod, Priyank and George, Kiran and Shinde, Nikhil},  
    booktitle={2016 IEEE 13th International Conference on Wearable and Implantable Body Sensor Networks (BSN)},   
    title={Bio-signal based emotion detection device},   
    year={2016}, 
    pages={105-108},  
    doi={10.1109/BSN.2016.7516241}
}

@article{des-boyle,
title = {Reliability and validity of Izard's differential emotions scale},
journal = {Personality and Individual Differences},
volume = {5},
number = {6},
pages = {747-750},
year = {1984},
issn = {0191-8869},
doi = {https://doi.org/10.1016/0191-8869(84)90124-7},
url = {https://www.sciencedirect.com/science/article/pii/0191886984901247},
author = {Gregory J. Boyle},
}

@book{humanemotionsIzard,
title = {Human Emotions},
author = {Carroll E. Izard},
publisher = {Springer New York},
isbn = {978-0-306-30986-1},
doi = {https://doi.org/10.1007/978-1-4899-2209-0},
year = {1977}
}

@book{ekmanEmotions,
edition = {paperback ed.},
isbn = {9780753817650},
keywords = {Emotions},
language = {eng},
publisher = {Phoenix},
series = {A Phoenix paperback.},
title = {Emotions revealed :  understanding faces and feelings.},
year = {2004},
abstract = {This title provides a map to the world of emotions.},
author = {Ekman, Paul.},
address = {London},
}

@article{desiv,
  title={Stability of emotion experiences and their relations to traits of personality.},
  author={Carroll E. Izard and D Z Libero and Priscilla H. Putnam and O. Maurice Haynes},
  journal={Journal of personality and social psychology},
  year={1993},
  volume={64 5},
  pages={847-60},
  doi = {https://doi.org/10.1037/0022-3514.64.5.847}
}

@article{desivBoyle,
author = {Boyle, Gregory J.},
year = {2012},
month = {11},
pages = {56-66},
title = {Factor Structure of the Differential Emotions Scale and the Eight State Questionnaire Revisited},
volume = {10},
journal = {The Irish Journal of Psychology},
doi = {10.1080/03033910.1989.10557734}
}

@article{ekman1992argument,
  title={An argument for basic emotions},
  author={Ekman, Paul},
  journal={Cognition \& emotion},
  volume={6},
  number={3-4},
  pages={169--200},
  year={1992},
  publisher={Taylor \& Francis}
}








@article{EmotionsWatchingMovies,
author = { Anne   Bartsch },
title = {Emotional Gratification in Entertainment Experience. Why Viewers of Movies and Television Series Find it Rewarding to Experience Emotions},
journal = {Media Psychology},
volume = {15},
number = {3},
pages = {267-302},
year  = {2012},
publisher = {Routledge},
doi = {10.1080/15213269.2012.693811},

URL = { 
        https://doi.org/10.1080/15213269.2012.693811
    
},
eprint = { 
        https://doi.org/10.1080/15213269.2012.693811
    
}

}


